@string{LLNL  = "Lawrence Livermore National Laboratory"}
@string{SIAM  = "Society for Industrial and Applied Mathematics"}

%-----------------------------------------------------------------------
% From Ashby: ~ashby/tex/ashby.bib
%-----------------------------------------------------------------------

@inproceedings{AFST94a,
   author    = "S.~F.~Ashby and R.~D.~Falgout and S.~G.~Smith and
                  A.~F.~B.~Tompson",
   title     = "Modeling Groundwater Flow on {MPPs}",
   booktitle = "Proc. 1993 Scalable Parallel Libraries Conference",
   publisher = "IEEE Computer Society Press",
   editor    = "A. Skjellum and D. Resse",
   note      = "Held at Mississippi State University, October 6--8, 1993.
               Also available as LLNL technical report UCRL-JC-115602",
   pages     = "17--25",
   year      = "1994" }

@inproceedings{AFST95a,
   author    = "S.~F.~Ashby and R.~D.~Falgout and S.~G.~Smith and
                  A.~F.~B.~Tompson",
   title     = "The Parallel Performance of a Groundwater Flow
                  Code on the {CRAY} {T3D}",
   booktitle   = "Proc. Seventh SIAM Conference on Parallel Processing
                  for Scientific Computing",
   publisher = SIAM,
   pages     = "131--136",
   note      = "Held in San Francisco, February 15--17, 1995.
                Also available as LLNL technical report UCRL-JC-118604",
   year      = "1995" }

@techreport{AsFa95,
  author    = "S.~F.~Ashby and R.~D.~Falgout",
  title       = "A Parallel Multigrid Preconditioned Conjugate
                 Gradient Algorithm for Groundwater Flow Simulations",
  institution = LLNL,
  number      = "UCRL-JC-122359",
  note        = "Submitted to {\em Nuclear Science \& Engineering}",
  month       = "October",
  year        = "1995"}

@article{MVAS89,
   author    = "P. D. Meyer and A. J. Valocchi and S. F. Ashby and
                P. E. Saylor",
   title     = "A Numerical Investigation of the Conjugate
                Gradient Method as Applied to Three-Dimensional
                Groundwater Flow Problems in Randomly Heterogeneous
                Porous Media",
   journal   = "Water Resources Res.",
   volume    = 25,
   number    = 6,
   pages     = "1440--1446",
   year      = 1989 }

@inproceedings{TAFSFL94b,
  author      = "A.~F.~B.~Tompson and S.~F.~Ashby and R.~D.~Falgout
                 and S.~G.~Smith and T.~W.~Fogwell and G.~A.~Loosmore",
  title       = "Use of High Performance Computing to Examine the
                 Effectiveness of Aquifer Remediation",
   booktitle = "Proc. X International Conference on Computational
                 Methods in Water Resources",
   volume    = 2,
   publisher = "Kluwer Academic Publishers, Dordrecht",
   editor    = "A. Peters and G. Wittum and B. Herrling and U. Meissner
                and C. Brebbia and W. Gray and G. Pinder",
   note      = "Held in Heidelberg, Germany,  July 19-22, 1994.
               Also available as LLNL technical report UCRL-JC-115374",
   year      = 1994 }

%-----------------------------------------------------------------------
% From Ashby: ~ashby/tex/water.bib
%-----------------------------------------------------------------------

@article{AMGT89,
   author    = "R. Ababou and D. B. McLaughlin and L. W. Gelhar and
                A. F. B. Tompson",
   title     = "Numerical Simulation of Three-Dimensional Saturated
                Flow in Randomly Heterogeneous Porous Media",
   journal   = "Transport in Porous Media",
   volume    = 4,
   number    = 6,
   pages     = "549--565",
   year      = 1989 }

@article{TAG89,
   author    = "A. F. B. Tompson and  R. Ababou and L. W. Gelhar",
   title     = "Implementation of of the Three-Dimensional Turning
                Bands Random Field Generator",
   journal   = "Water Resources Res.",
   volume    = 25,
   number    = 10,
   pages     = "2227--2243",
   year      = 1989 }

%-----------------------------------------------------------------------
% From Ashby: ~ashby/tex/linear.bib
%-----------------------------------------------------------------------

@incollection{CGO76,
   author    = "P. Concus and G. H. Golub and D. P. O'Leary",
   title     = "A Generalized Conjugate Gradient Method for the
                Numerical Solution of Elliptic Partial Differential
                Equations",
   booktitle = "Sparse Matrix Computations",
   editor    = "J. R. Bunch and D. J. Rose",
   publisher = "Academic Press",
   address   = "New York",
   pages     = "309--332",
   year      = 1976 }

%-----------------------------------------------------------------------
% From Ashby: ~ashby/tex/misc.bib
%-----------------------------------------------------------------------

@article{SSDLM94,
  title         = "The Design and Evolution of {Z}ipcode",
  author        = "A. Skjellum and S. G. Smith and N. E. Doss
                  and A. P. Leung and M. Morari",
  journal       = "{P}arallel {C}omputing",
  volume        = "20",
  month         = "April",
  pages         = "565--596",
  year          = 1994 }


%-----------------------------------------------------------------------
% From Smith: 
%-----------------------------------------------------------------------

@book{welch.95,
   title        = "Practical Programming in {T}{C}{L} and {T}{K}",
   author       = "B. Welch",
   year         = 1995,
   publisher    = "Prentice Hall"
}

@TechReport{	  beguelin.dongarra.ea.91,
  category      = "pvm",
  author	= "A. Beguelin and J. Dongarra and G. A. Geist and R. Manchek
		  and V. Sunderam",
  title		= "A Users' Guide to {P}{V}{M}: {P}arallel {V}irtual
		  {M}achine",
  institution	= "Oak Ridge National Laboratory",
  number	= "ORNL/TM-11826",
  month		= "July",
  year		= "1991"
}

@TechReport{	  beguelin.geist.ea.93,
  category      = "pvm",
  author	= "A. Beguelin and G. A. Geist and W. Jiang and R. Manchek
		  and K. Moore and V. Sunderam",
  title		= "The {P}{V}{M} Project",
  institution	= "Oak Ridge National Laboratory",
  month		= "February",
  number	= "",
  year		= "1993"
}

@TechReport{	  xdr.87,
  author	= "(Unattributed)",
  institution	= "Sun Microsystems",
  title		= "{X}{D}{R}: {E}xternal {D}ata {R}epresentation {S}tandard",
  number	= "RFC 1014",
  month		= "June",
  year		= 1987
}

@inproceedings{SkLe90,
    author   = "Anthony Skjellum and Alvin P. Leung",
    title    = "Zipcode: A Portable Multicomputer Communication
                Library atop the Reactive Kernel",
    booktitle = "Proc. Fifth Distributed Memory Computing Conference",
    publisher = "{IEEE}",
    month     = "April",
    pages     = "767--776",
    year      = 1990}

@Article{	  skjellum.smith.ea.93,
  category      = "zip",
  title		= "The {D}esign and {E}volution of {Z}ipcode",
  author	= "Anthony Skjellum and Steven G. Smith and Nathan E. Doss
		  and Alvin P. Leung and Manfred Morari",
  journal       = "{P}arallel {C}omputing",
  volume        = "20",
  month	        = "April",
  pages = "565--596",
  year	        = 1994
}

@InProceedings{	  smith.falgout.ea.93,
  category      = "zip",
  author	= "Steven G. Smith and Robert D. Falgout and Charles H. Still
		  and Anthony Skjellum",
  title		= "{H}igh-Level {M}essage-Passing {C}onstructs for {Z}ipcode
		  1.0: {D}esign and {I}mplementation",
  publisher	= "IEEE Computer Society Press",
  booktitle	= "Proceedings of the Scalable Parallel Libraries
		  Conference",
  place		= "Mississippi State University",
  page		= "150-159",
  year		= 1993
}

@TechReport{	  mpiforum.93,
  category      = "mpi",
  title		= "{D}ocument for a {S}tandard {M}essage-{P}assing
		  {I}nterface",
  author	= "Message Passing Interface Forum",
  institution	= "University of Tennessee",
  month		= "November",
  note		= "Available on {\bf netlib}. ",
  number	= "CS-93-214. ",
  year		= 1993
}

@TechReport{      mpiforum.94,
  title         = "{MPI}: {A} {M}essage-{P}assing {I}nterface {S}tandard",
  author        = "Message Passing Interface Forum",
  institution   = "University of Tennessee, Knoxville, TN",
  number        = "CS-94-230",
  month         = "May 5",
  year          = 1994,
  ftp           = "ftp://netlib2.cs.utk.edu/mpi/mpi-report.ps",
  note          = "To appear in the International Journal of 
                  Supercomputing Applications, Volume 8, Number 3/4, 1994"
}

%-----------------------------------------------------------------------
% From Falgout: ~falgout/lib/tex/bib/water.bib
%-----------------------------------------------------------------------

@manual{GMS94tut,
   author    = "{United States Department of Defense}",
   title     = "Groundwater Modeling System: Tutorial",
   institution = "Engineering Computer Graphics Laboratory",
   address   = "Brigham Young University, Provo, UT",
   note      = "Version 1.0",
   year      = 1994 }

@manual{GMS95ref,
   author    = "{United States Department of Defense}",
   title     = "Groundwater Modeling System: Reference Manual",
   institution = "Engineering Computer Graphics Laboratory",
   address   = "Brigham Young University, Provo, UT",
   note      = "Version 1.1",
   year      = 1995 }

%-----------------------------------------------------------------------
% From Falgout: ~falgout/lib/tex/bib/misc.bib
%-----------------------------------------------------------------------

@manual{AVS92uguide,
   key       = "AVS: User's Guide",
   title     = "AVS: User's Guide",
   institution = "Advanced Visual Systems Inc.",
   address   = "300 Fifth Ave., Waltham, MA",
   note      = "Release 4",
   month     = "May",
   year      = 1992 }

@manual{AVS92dguide,
   key       = "AVS: User's Guide",
   title     = "AVS: Developer's Guide",
   institution = "Advanced Visual Systems Inc.",
   address   = "300 Fifth Ave., Waltham, MA",
   note      = "Release 4",
   month     = "May",
   year      = 1992 }

@manual{AVS93ref,
   key       = "AVS: User's Guide",
   title     = "AVS: Module Reference",
   institution = "Advanced Visual Systems Inc.",
   address   = "300 Fifth Ave., Waltham, MA",
   note      = "Release 5",
   month     = "February",
   year      = 1993 }

%-----------------------------------------------------------------------
% From Carol
%-----------------------------------------------------------------------

@article{EW96,
   author    = "Stanley C. Eisenstat and Homer F. Walker",
   title     = "Choosing the Forcing Terms in an Inexact Newton Method",
   journal   = "SIAM J. Sci. Comput.",
   volume    = 17,
   number    = 1,
   pages     = "16--32",
   year      = 1996 
}
@Article{VanGenuchten80,
  author = "M. Th. \hbox{van Genuchten}",
  title = "A Closed Form Equation for Predicting the Hydraulic Conductivity
           of Unsaturated Soils",
  journal = "Soil Sci. Soc. Am. J.",
  year = 1980,
  volume = 44,
  pages = "892-898"
}
@Article{Haverkamp-Vauclin81,
  author = "R. Haverkamp and M. Vauclin",
  title = "A Comparative Study of Three Forms of the {R}ichard Equation Used for
		  Predicting One-Dimensional Infiltration in Unsaturated Soil",
  journal = "Soil Sci. Soc. of Am. J.",
  year = 1981,
  volume = 45,
  pages = "13-20"
}
@Article{Ashby-Falgout90,
   author = "S. F. Ashby and R. D. Falgout",
   title = "A parallel multigrid preconditioned conjugate gradient 
            algorithm for groundwater flow simulations",
   journal = "Nuclear Science and Engineering",
   year = 1996,
   volume = 124,
   pages = "145-159"
}
@InProceedings{Woodward98,
   author = "Carol S. Woodward",
   title = "A {N}ewton-{K}rylov-{M}ultigrid Solver for Variably Saturated Flow 
            Problems",
   booktitle = "Proceedings of the XIIth International Conference on 
                Computational Methods in Water Resources",
   place = "Crete, Greece",
   month = jun,
   year = 1998
}
@Article{Forsyth-Wu-Pruess94,
  author = "Peter A. Forsyth and Y. S. Wu and K. Pruess",
  title = "Robust Numerical Methods for Saturated-Unsaturated Flow with
           Dry Initial Conditions in Heterogeneous Media",
  year = 1995,
  journal = "Advances in Water Resources",
  volume = 18,
  pages = "25-38"
}
