@article{Ajami14,
author = {Ajami, H. and McCabe, M. F. and Evans, J. P. and Stisen, S.},
journal = {Water Resources Research},
pages = {2636--2656},
title = {Assessing the impact of model spin-up on surface water-groundwater interactions using an integrated hydrologic model},
volume = {50},
year = {2014},
doi = {10.1002/2013WR014258},
}

@article{Ajami2015,
author = {Ajami,H., M. F. McCabe and J. P. Evans},
journal = {Hydrological Processes},
number = {17},
pages = {3790--3801},
title = {Impacts of model initialization on an integrated surface water--groundwater model},
volume = {29},
year = {2015},
}

@article{Ajami2018,
author = {Ajami, H. and Sharma, A.},
journal = {Water Resour. Res},
pages = {9456--9483},
title = {Disaggregating Soil Moisture to Finer Spatial Resolutions: A Comparison of Alternatives},
volume = {54 (11)},
year = {2018},
url = {https://doi.org/10.1029/2018WR022575},
}

@article{Ashby-Falgout90,
author = {Ashby, S. F. and Falgout,R. D.},
journal = {Nuclear Science and Engineering},
pages = {145--159},
title = {A parallel multigrid preconditioned conjugate gradient algorithm for groundwater flow simulations},
volume = {124},
year = {1996},
}

@article{AM10,
author = {Atchley, A. and Maxwell, R. M.},
title = {Influences of subsurface heterogeneity and vegetation cover on soil moisture, surface temperature, and evapotranspiration at hillslope scales},
journal = {Hydrogeology Journal},
volume = {19},
number = {2},
pages = {289--305},
year = {2011},
doi = {10.1007/s10040-010-0690-1},
}

@article{Atchley13a,
author = {Atchley, A. L. and Maxwell, R. M. and Navarre-Sitchler, A. K.},
journal = {Environmental Science and Technology},
pages = {5954--5962},
title = {Human Health Risk Assessment of CO 2 Leakage into Overlying Aquifers Using a Stochastic, Geochemical Reactive Transport Approach},
volume = {47},
year = {2013},
doi = {10.1021/es400316c},
}

@article{Atchley13b,
author = {Atchley, A. L. and Maxwell, R. M. and Navarre-Sitchler, A. K.},
journal = {Advances in Water Resources},
pages = {93--106},
title = {Using streamlines to simulate stochastic reactive transport in heterogeneous aquifers: Kinetic metal release and transport in CO2 impacted drinking water aquifers},
volume = {52},
year = {2013},
doi = {10.1016/j.advwatres.2012.09.005},
}

@article{Atchley2017,
author = {Atchley, A. L. and Kinoshita, A. M. and Lopez, S. R. and Trader, L. and Middleton, R.},
journal = {Vadose Zo. J},
title = {Simulating Surface and Subsurface Water Balance Changes Due to Burn Severity},
volume = {17 (1)},
year = {2018},
url = {https://doi.org/10.2136/vzj2018.05.0099},
}

@article{Bhaskar2015,
author = {Bhaskar,A. S., C. Welty and R. M. Maxwell and A. J. Miller},
journal = {Water Resources Research},
number = {2},
pages = {1158--1181},
title = {Untangling the effects of urban development on subsurface storage in baltimore},
volume = {51},
year = {2015},
}

@article{Baatz2017,
author = {Baatz, D. and Kurtz, W. and Hendricks Franssen and H. J. and Vereecken, H. and Kollet, S. J.},
journal = {Adv. Water Resour},
pages = {147--159},
title = {Catchment Tomography - An Approach for Spatial Parameter Estimation},
volume = {107},
year = {2017},
url = {https://doi.org/10.1016/j.advwatres.2017.06.006},
}

@article{Barnes2015,
author = {Barnes,M. C. Welty and A. Miller},
journal = {Journal of Hydrologic Engineering},
number = {4},
pages = {06015017},
title = {Global topographic slope enforcement to ensure connectivity and drainage in an urban terrain},
volume = {21},
year = {2015},
}

@article{Barnes2018,
author = {Barnes, M. L. and Welty, C. and Miller, A. J.},
journal = {Water Resour. Res},
pages = {5198--5212},
title = {Impacts of Development Pattern on Urban Groundwater Flow Regime},
volume = {54 (8)},
year = {2018},
url = {https://doi.org/10.1029/2017WR022146},
}

@article{Baroni2019,
author = {Baroni, G. and Schalge, B. and Rakovec, O. and Kumar, R. and Sch{"u}ler, L. and Samaniego, L. and Simmer, C. and Attinger, S. A},
journal = {Water Resour. Res},
pages = {990--1010},
title = {Comprehensive Distributed Hydrological Modeling Intercomparison to Support Process Representation and Data Collection Strategies},
year = {2019},
url = {https://doi.org/10.1029/2018WR023941},
}

@article{Bearup2016,
author = {Bearup,L. A. R. M. Maxwell and J. E. McCray},
journal = {Ecohydrology},
number = {2},
pages = {195--203},
title = {Hillslope response to insect-induced land-cover change: an integrated model of end-member mixing},
volume = {9},
year = {2016},
}

@article{Beisman2015,
author = {Beisman,J. J., R. M. Maxwell and A. K. Navarre-Sitchler and C. I. Steefel and S. Molins},
journal = {Computational Geosciences},
number = {2},
pages = {403--422},
title = {Parcrunchflow: an efficient, parallel reactive transport simulation tool for physically and chemically heterogeneous saturated subsurface environments},
volume = {19},
year = {2015},
}

@article{Burger12,
author = {B{\"u}rger, C. M. and Kollet, S. and Schumacher, J. and B{"o}sel, D.},
journal = {Computers and Geosciences},
pages = {334--336},
title = {Introduction of a web service for cloud computing with the integrated hydrologic simulation platform ParFlow},
volume = {48},
year = {2012},
doi = {10.1016/j.cageo.2012.01.007},
}

@article{Condon13a,
author = {Condon, L. E. and Maxwell, R. M.},
journal = {Advances in Water Resources},
pages = {135--147},
title = {Implementation of a linear optimization water allocation algorithm into a fully integrated physical hydrology model},
volume = {60},
year = {2013},
doi = {10.1016/j.advwatres.2013.07.012},
}

@article{Condon13b,
author = {Condon, L. E. and Maxwell, R. M. and Gangopadhyay, S.},
journal = {Advances in Water Resources},
pages = {188--203},
title = {The impact of subsurface conceptualization on land energy fluxes},
volume = {60},
year = {2013},
doi = {10.1016/j.advwatres.2013.08.001},
}

@article{Condon14a,
author = {Condon, L. E. and Maxwell, R. M.},
journal = {Water Resources Research},
pages = {2600--2616},
title = {Feedbacks between managed irrigation and water availability: Diagnosing temporal and spatial patterns using an integrated hydrologic model},
volume = {50},
year = {2014},
doi = {10.1002/2013WR014868},
}

@article{Condon14b,
author = {Condon, L. E. and Maxwell, R. M.},
journal = {Environmental Research Letters},
pages = {1--9},
title = {Groundwater-fed irrigation impacts spatially distributed temporal scaling behavior of the natural system: a spatio-temporal framework for understanding water management impacts},
volume = {9},
year = {2014},
doi = {10.1088/1748-9326/9/3/034009},
}

@article{Condon2015,
author = {Condon, L. E. and A. S. Hering and R. M. Maxwell},
journal = {Advances in Water Resources},
pages = {106--123},
title = {Quantitative assessment of groundwater controls across major US river basins using a multi-model regression algorithm},
volume = {82},
year = {2015},
}

@article{Condon2015a,
author = {Condon, L. E. and R. M. Maxwell},
journal = {Water Resources Research},
number = {8},
pages = {6602--6621},
title = {Evaluating the relationship between topography and groundwater using outputs from a continental-scale integrated hydrology model},
volume = {51},
year = {2015},
}

@article{Condon2017,
author = {Condon, L. E. and Maxwell, R. M.},
journal = {Hydrol. Earth Syst. Sci},
pages = {1117--1135},
title = {Systematic Shifts in Budyko Relationships Caused by Groundwater Storage Changes},
volume = {21 (2)},
year = {2017},
url = {https://doi.org/10.5194/hess-21-1117-2017},
}

@article{Condon2019a,
author = {Condon, L. E. and Maxwell, R. M.},
journal = {Sci. Adv},
number = {6},
title = {Simulating the Sensitivity of Evapotranspiration and Streamflow to Large-Scale Groundwater Depletion},
volume = {5},
year = {2019},
url = {https://doi.org/10.1126/sciadv.aav4574},
}

@article{Condon2019b,
author = {Condon, L. E. and Maxwell, R. M.},
journal = {Computers and Geosciences},
month = {February},
pages = {73--83},
title = {Modified priority flood and global slope enforcement algorithm for topographic processing in physically based hydrologic modeling applications},
volume = {126},
year = {2019},
url = {https://doi.org/10.1016/j.cageo.2019.01.020},
}

@article{Cui14,
author = {Cui, Z. and Welty, C. and Maxwell, R. M.},
journal = {Computers and Geosciences},
pages = {1--14},
title = {Modeling nitrogen transport and transformation in aquifers using a particle-tracking approach},
volume = {70},
year = {2014},
doi = {10.1016/j.cageo.2014.05.005},
}

@article{Dai03,
author = {Dai, Y. and X. Zeng and R. E. Dickinson and I. Baker and G. B. Bonan and M. G. Bosilovich and A. S. Denning and P. A. Dirmeyer and P. R., G. Niu and K. W. Oleson and C. A. Schlosser and Z. L. Yang},
journal = {The Bulletin of the American Meteorological Society},
number = {8},
pages = {1013-1023},
title = {The common land model},
volume = {84},
year = {2003},
}

@article{Danesh-Yazdi2018,
author = {Danesh-Yazdi, M. and Klaus, J. and Condon, L. E. and Maxwell, R. M.},
journal = {Hydrol. Process},
number = {8},
pages = {1063-1076},
title = {Bridging the Gap between Numerical Solutions of Travel Time Distributions and Analytical Storage Selection Functions},
volume = {32},
year = {2018},
url = {https://doi.org/10.1002/hyp.11481},
}

@article{DMC10,
author = {Daniels, M. H. and Maxwell, R. M. and Chow, F. K.},
journal = {Journal of Hydrologic Engineering},
pages = {677--683},
title = {An algorithm for flow direction enforcement using subgrid-scale stream location data},
volume = {16},
year = {2010},
doi = {10.1061/(ASCE)HE.1943-5584.0000340},
}

@article{dBRM08,
author = {de Barros, F. P. J. and Rubin, Y. and Maxwell, R. M.},
journal = {Water Resources Research},
number = {6},
title = {The concept of comparative information yield curves and their application to risk-based site characterization},
volume = {45},
year = {2009},
doi = {10.1029/2008WR007324},
}

@article{deRooij13,
author = {de Rooij, R. and Graham, W. and Maxwell, R. M.},
journal = {Advances in Water Resources},
pages = {7--18},
title = {A particle-tracking scheme for simulating pathlines in coupled surface-subsurface flows},
volume = {52},
year = {2013},
doi = {10.1016/j.advwatres.2012.07.022},
}

@article{EW96,
author = {Eisenstat, S. C. and Walker, H. F.},
journal = {SIAM J. Sci. Comput},
number = {1},
pages = {16--32},
title = {Choosing the forcing terms in an inexact newton method},
volume = {17},
year = {1996},
}

@article{Engdahl2015,
author = {Nicholas B. Engdahl and Reed M. Maxwell},
journal = {Journal of Hydrology},
pages = {152--162},
title = {Quantifying changes in age distributions and the hydrologic balance of a high-mountain watershed from climate induced variations in recharge},
volume = {522},
year = {2015},
}

@article{Fang2015,
author = {Zhufeng Fang and Heye Bogena and Stefan Kollet and Julian Koch and Harry Vereecken},
journal = {Journal of Hydrology},
pages = {1754-1767},
title = {Spatio-temporal validation of long-term 3d hydrological simulations of a forested catchment using empirical orthogonal functions and wavelet coherence analysis},
volume = {529},
year = {2015},
}

@article{Fang2016,
author = {Fang, Y. and L. R. Leung and Z. Duan and M. S. Wigmosta and R. M. Maxwell and J. Q. Chambers and J. Tomasella},
journal = {J. Geophys. Res. Atmos},
pages = {8410--8426},
title = {Influence of landscape heterogeneity on water available to tropical forests in an Amazonian catchment and implications for modeling drought response},
volume = {122},
year = {2016},
doi = {10.1002/2017JD027066},
}

@article{Fang2017,
author = {Fang, Yilin  and Leung, L. Ruby and Duan, Zhuoran and Wigmosta, Mark S. and Maxwell, Reed M. and Chambers, Jeffrey Q. and Tomasella, J.},
journal = {J. Geophys. Res. Atmos},
pages = {3672--3685},
title = {Journal of Geophysical Research : Atmospheres},
volume = {122},
year = {2017},
url = {https://doi.org/10.1002/2016JD025676},
}

@article{FM10,
author = {Ferguson, I. M. and Maxwell, R. M.},
journal = {Water Resources Research},
number = {10},
title = {Role of groundwater in watershed response and land surface feedbacks under climate change},
volume = {46},
year = {2010},
doi = {10.1029/2009WR008616},
}

@article{Ferg11,
author = {Ferguson, I. M. and Maxwell, R. M.},
journal = {Environmental Research Letters},
pages = {1--7},
title = {Hydrologic and land:energy feedbacks of agricultural water management practices},
volume = {6},
year = {2011},
doi = {10.1088/1748-9326/6/1/014006},
}

@article{Ferg12,
author = {Ferguson, I. M. and Maxwell, R. M.},
journal = {Environmental Research Letters},
pages = {1--8},
title = {Human impacts on terrestrial hydrology: climate change versus pumping and irrigation},
volume = {7},
year = {2012},
doi = {10.1088/1748-9326/7/4/044022},
}

@article{Ferguson2016,
author = {Ferguson, I. M. and Jefferson, J. L. and Maxwell, R. M. and Kollet, S. J.},
journal = {Environ. Earth Sci},
pages = {1--15},
title = {Effects of Root Water Uptake Formulation on Simulated Water and Energy Budgets at Local and Basin Scales},
volume = {75},
number = {4},
year = {2016},
url = {https://doi.org/10.1007/s12665-015-5041-z},
}

@article{Forrester2018,
author = {Forrester, M. M. and Maxwell, R. M. and Bearup, L. A. and Gochis, D. J.},
journal = {Geophys. Res. Atmos.},
pages = {9026--9046},
title = {Forest Disturbance Feedbacks From Bedrock to Atmosphere Using Coupled Hydrometeorological Simulations Over the Rocky Mountain Headwaters},
volume = {123},
number = {17},
year = {2018},
url = {https://doi.org/10.1029/2018JD028380},
}

@article{FWP95,
author = {Forsyth, P. A. and Wu, Y. S. and Pruess, K.},
journal = {Advances in Water Resources},
pages = {25--38},
title = {Robust Numerical Methods for Saturated-Unsaturated Flow with Dry Initial Conditions},
volume = {17},
year = {1995},
}

@article{Foster2016,
author = {Foster, L. M. and Bearup, L. A. and Molotch, N. P. and Brooks, P. D. and Maxwell, R. M.},
journal = {Environ. Res. Lett},
number = {4},
title = {Energy Budget Increases Reduce Mean Streamflow More than Snow-Rain Transitions: Using Integrated Modeling to Isolate Climate Change Impacts on Rocky Mountain Hydrology},
volume = {11},
year = {2016},
url = {https://doi.org/10.1088/1748-9326/11/4/044015},
}

@article{Foster2019,
author = {Foster, L. M. and Maxwell, R. M.},
journal = {Hydrol. Process},
number = {3},
pages = {332--349},
title = {Sensitivity Analysis of Hydraulic Conductivity and Manning's n Parameters Lead to New Method to Scale Effective Hydraulic Conductivity across Model Resolutions},
volume = {33},
year = {2019},
url = {https://doi.org/10.1002/hyp.13327},
}

@article{FFKM09,
author = {Frei, S. and Fleckenstein, J. H. and Kollet, S. J. and Maxwell, R. M.},
journal = {Journal of Hydrology},
number = {3--4},
pages = {383-393},
title = {Patterns and dynamics of river-aquifer exchange with variably-saturated flow using a fully-coupled model},
volume = {375},
year = {2009},
doi = {10.1016/j.jhydrol.2009.06.038},
}

@article{Gebler2017,
author = {Gebler, S. and Hendricks Franssen and H. J. and Kollet, S. J. and Qu, W. and Vereecken, H.},
journal = {J. Hydrol},
pages = {309--331},
title = {High Resolution Modelling of Soil Moisture Patterns with TerrSysMP: A Comparison with Sensor Network Data},
volume = {547},
year = {2017},
url = {https://doi.org/10.1016/j.jhydrol.2017.01.048},
}

@article{Gilbert2016,
author = {Gilbert, J. M. and Jefferson, J. L. and Constantine, P. G. and Maxwell, R. M.},
journal = {Adv. Water Resour},
pages = {30--42},
title = {Global Spatial Sensitivity of Runoff to Subsurface Permeability Using the Active Subspace Method},
volume = {92},
year = {2016},
url = {https://doi.org/10.1016/j.advwatres.2016.03.020},
}

@article{Gilbert2017a,
author = {Gilbert, J. M. and Maxwell, R. M.},
journal = {Hydrol. Earth Syst. Sci},
pages = {923--947},
title = {Examining Regional Groundwater-Surface Water Dynamics Using an Integrated Hydrologic Model of the San Joaquin River Basin},
volume = {21 (2)},
year = {2017},
url = {https://doi.org/10.5194/hess-21-923-2017},
}

@article{Gilbert2017b,
author = {Gilbert, J. M. and Maxwell, R. M. and Gochis, D. J.},
journal = {J. Hydrometeorol},
number = {5},
pages = {1471--1488},
title = {Effects of Water-Table Configuration on the Planetary Boundary Layer over the San Joaquin River Watershed, California},
volume = {18},
year = {2017},
url = {https://doi.org/10.1175/JHM-D-16-0134.1},
}

@article{Gilbert2018,
author = {Gilbert, J. M. and Maxwell, R. M.},
journal = {Environ. Res. Lett},
number = {7},
title = {Contrasting Warming and Drought in Snowmelt-Dominated Agricultural Basins: Revealing the Role of Elevation Gradients in Regional Response to Temperature Change},
volume = {13},
year = {2018},
url = {https://doi.org/10.1088/1748-9326/aacb38},
}

@article{Gou2018,
author = {Gou, S. and Miller, G. R. and Saville, C. and Maxwell, R. M. and Ferguson, I. M.},
journal = {Adv. Water Resour.},
pages = {245--262},
title = {Simulating Groundwater Uptake and Hydraulic Redistribution by Phreatophytes in a High-Resolution, Coupled Subsurface-Land Surface Model},
volume = {121},
year = {2018},
url = {https://doi.org/10.1016/j.advwatres.2018.08.008},
}

@article{Haverkamp-Vauclin81,
author = {Haverkamp, R. and Vauclin, M.},
journal = {Soil Sci. Soc. of Am. J},
pages = {13--20},
title = {A comparative study of three forms of the {R}ichard equation used for predicting one-dimensional infiltration in unsaturated soil},
volume = {45},
year = {1981},
}

@article{Hein2019,
author = {Hein, A. and Condon, L. and Maxwell, R.},
journal = {Hydrol. Earth Syst. Sci. Discuss},
pages = {1--30},
title = {Unravelling the Impacts of Precipitation, Temperature and Land-Cover Change for Extreme Drought over the North {A}merican High Plains},
year = {2019},
url = {https://doi.org/10.5194/hess-2018-485},
}

@article{Jefferson2015a,
author = {Jennifer L. Jefferson and Reed M. Maxwell},
journal = {Journal of Advances in Modeling Earth Systems},
number = {3},
pages = {1075--1092},
title = {Evaluation of simple to complex parameterizations of bare ground evaporation},
volume = {7},
year = {2015},
}

@article{Jefferson2015,
author = {Jennifer L. Jefferson and James M. Gilbert and Paul G. Constantine and Reed M. Maxwell},
journal = {Computers \& Geosciences},
pages = {127--138},
title = {Active subspaces for sensitivity analysis and dimension reduction of an integrated hydrologic model},
volume = {83},
year = {2015},
}

@article{Jefferson2017,
author = {Jefferson, J. L. and Maxwell, R. M. and Constantine, P. G.},
journal = {J. Hydrometeorol},
number = {3},
pages = {897--915},
title = {Exploring the Sensitivity of Photosynthesis and Stomatal Resistance Parameters in a Land Surface Model},
volume = {18},
year = {2017},
url = {https://doi.org/10.1175/jhm-d-16-0053.1},
}

@article{Jones-Woodward01,
author = {Jones, J. E. and Woodward, C. S.},
journal = {Advances in Water Resources},
pages = {763--774},
title = {Newton-krylov-multigrid solvers for large-scale, highly heterogeneous, variably saturated flow problems},
volume = {24},
year = {2001},
}

@article{Keune2016,
author = {Keune, J. and Gasper, F. and Goergen, K. and Hense, A. and Shrestha, P. and Sulis, M. and Kollet, S.},
journal = {J. Geophys. Res},
number = {22},
pages = {13,301--13,325},
title = {Studying the Influence of Groundwater Representations on Land Surface-Atmosphere Feedbacks during the European Heat Wave in 2003},
volume = {121},
year = {2016},
url = {https://doi.org/10.1002/2016JD025426},
}

@article{Keune2018,
author = {Keune, J. and Sulis, M. and Kollet, S. and Siebert, S. and Wada, Y.},
journal = {Geophys. Res. Lett},
number = {9},
pages = {4068--4076},
title = {Human Water Use Impacts on the Strength of the Continental Sink for Atmospheric Water},
volume = {45},
year = {2018},
url = {https://doi.org/10.1029/2018GL077621},
}

@article{Keyes13,
author = {Keyes, D. E. and McInnes, L. C. and Woodward, C. and Gropp, W. and Myra, E. and Pernice, M. and Bell, J. and Brown, J. and Clo, A. and Connors, J. and Constantinescu, E. and Estep, D. and Evans, K. and Farhat, C. and Hakim, A. and Hammond, G. and Hansen, G. and Hill, J. and Isaac, T. and others},
journal = {International Journal of High Performance Computing Applications},
pages = {4--83},
title = {Multiphysics simulations: Challenges and opportunities},
volume = {27},
year = {2013},
doi = {10.1177/1094342012468181},
}

@article{Koch2016,
author = {J. Koch and T. Cornelissen and Z. Fang and H. Bogen and B. H. Diekkr{\"u}ger and S. Kollet and S. Stisen},
journal = {J. of Hydrology},
pages = {234--246},
title = {Inter-comparison of three distributed hydrological models with respect to seasonal variability of soil moisture patterns at a small forested catchment},
volume = {533},
year = {2016},
url = {https://doi.org/10.1016/j.jhydrol.2015.12.002},
}

@article{KRM10,
author = {Kollat, J. B. and Reed, P. M. and Maxwell, R. M.},
journal = {Water Resources Research},
title = {Many-objective groundwater monitoring network design using bias-aware ensemble Kalman filtering, evolutionary optimization, and visual analytics},
year = {2011},
volume = {47},
number = {2},
doi = {10.1029/2010WR009194},
}

@article{K09,
author = {Kollet, S. J.},
journal = {Environmental Research Letters},
pages = {1--9},
title = {Influence of soil heterogeneity on evapotranspiration under shallow water table conditions: transient, stochastic simulations},
volume = {4},
year = {2009},
doi = {10.1088/1748-9326/4/3/035007},
}

@article{KCSMMB09,
author = {Kollet, S. J. and Cvijanovic, I. and Scha{\"u}ttemeyer, D. and Maxwell, R. M. and Moene, A. F. and Bayer, P.},
journal = {Vadose Zone Journal},
title = {The influence of rain sensible heat, subsurface heat convection and the lower temperature boundary condition on the energy balance at the land surface},
year = {2009},
doi = {10.2136/vzj2009.0005},
}

@article{KM06,
author = {Kollet, S. J. and Maxwell, R. M.},
journal = {Advances in Water Resources},
pages = {945--958},
title = {Integrated surface-groundwater flow modeling: A free-surface overland flow boundary condition in a parallel groundwater flow model},
volume = {29},
year = {2006},
}

@article{KM08a,
author = {Kollet, S. J. and Maxwell, R. M.},
journal = {Water Resources Research},
number = {2},
title = {Capturing the influence of groundwater dynamics on land surface processes using an integrated, distributed watershed model},
volume = {44},
year = {2008},
}

@article{KM08b,
author = {Kollet, S. J. and Maxwell, R. M.},
journal = {Geophysical Research Letters},
number = {7},
title = {Demonstrating fractal scaling of baseflow residence time distributions using a fully-coupled groundwater and land surface model},
volume = {35},
year = {2008},
}

@article{KMWSVVS10,
author = {Kollet, S. J. and Maxwell, R. M. and Woodward, C. S. and Smith, S. G. and Vanderborght, J. and Vereecken, H. and Simmer, C.},
journal = {Water Resources Research},
number = {4},
title = {Proof-of-concept of regional scale hydrologic simulations at hydrologic resolution utilizing massively parallel computer resources},
volume = {46},
year = {2010},
doi = {10.1029/2009WR008730},
}

@article{Kollet2015,
author = {S. J. Kollet},
journal = {Hydrol. Earth Syst. Sci. Discuss},
pages = {5123--5149},
title = {Optimality and inference in hydrology from entropy production considerations: synthetic hillslope numerical experiments},
volume = {12},
year = {2015},
}

@article{Kollet2016,
author = {Kollet, S. J.},
journal = {Hydrol. Earth Syst. Sci},
number = {7},
pages = {2801–-2809},
title = {Technical Note: Inference in Hydrology from Entropy Balance Considerations},
volume = {20},
year = {2016},
url = {https://doi.org/10.5194/hess-20-2801-2016},
}

@article{Kollet2017,
author = {Kollet, S. J. and Sulis, M. and Maxwell, R. M. and Paniconi, C. and Putti, M. and Bertoldi, G. and Sudicky, E. (2017)},
journal = {Water Resources Research},
title = {The integrated hydrologic model intercomparison project, IH-MIP2: A second set of benchmark results to diagnose integrated hydrology and feedbacks.},
volume = {2},
year = {2017},
url = {https://doi.org/10.1002/2016WR019191},
}

@article{Kollet2018,
author = {Kollet, S. and Gasper, F. and Brdar, S. and Goergen, K. and Hendricks-Franssen, H. J. and Keune, J. and Sulis, M.},
journal = {Water (Switzerland)},
number = {11},
title = {Introduction of an experimental terrestrial forecasting/monitoring system at regional to continental scales based on the terrestrial systems modeling platform (v1.1.0)},
volume = {10},
year = {2018},
url = {https://doi.org/10.3390/w10111697},
}

@article{Kuffour2019,
author = {Kuffour, B. N. O. . and Engdahl, N. B. . and Woodward, C. S. . and Condon, L. E. . and Kollet, S. and Maxwell, R. M.},
journal = {Geoscientific Model Development},
month = {August},
title = {Simulating Coupled Surface-Subsurface Flows with ParFlow v3.5.0: Capabilities, applications, and ongoing development of an open-source, massively parallel, integrated hydrologic model},
year = {2019},
url = {https://doi.org/10.5194/gmd-2019-190},
}

@article{Kurtz2016,
author = {Kurtz, W. and He, G. and Kollet, S. J. and Maxwell, R. M. and Vereecken, H. and Franssen, H. J. H.},
journal = {Geoscientific Model Development},
title = {TerrSysMP-PDAF (version 1.0): A modular high-performance data assimilation framework for an integrated land surface-subsurface model},
year = {2016},
volume = {9},
number = {4},
pages = {1341--1360},
url = {https://doi.org/10.5194/gmd-9-1341-2016},
}

@article{Lim2017,
author = {Lim, T. C. and Welty, C.},
journal = {Water Resources Research},
number = {9},
pages = {8084--8104},
title = {Effects of spatial configuration of imperviousness and green infrastructure networks on hydrologic response in a residential sewershed},
volume = {53},
year = {2017},
url = {https://doi.org/10.1002/2017WR020631},
}

@article{Lim2018,
author = {Lim, T. C. and Welty, C.},
journal = {Frontiers in Built Environment},
month = {December},
pages = {1--15},
title = {Assessing variability and uncertainty in green infrastructure planning using a high-resolution surface-subsurface hydrological model and site-monitored flow data},
volume = {4},
year = {2018},
url = {https://doi.org/10.3389/fbuil.2018.00071},
}

@article{Lopez2016,
author = {Lopez, S. R. and Maxwell, R. M.},
journal = {Journal of the American Water Resources Association},
number = {3},
pages = {756--768},
title = {Identifying Urban Features from LiDAR for a High-Resolution Urban Hydrologic Model},
volume = {52},
year = {2016},
url = {https://doi.org/10.1111/1752-1688.12425},
}

@article{Maina2019,
author = {Maina, F. Z. and Siirila‐Woodburn, E. R.},
journal = {Hydrological Processes},
month = {August},
pages = {1--18},
title = {Watersheds dynamics following wildfires: Nonlinear feedbacks and implications on hydrologic responses},
year = {2019},
url = {https://doi.org/10.1002/hyp.13568},
}

@article{Major11,
author = {Major, E. and Benson, D. A. and Revielle, J. and Ibrahim, H. and Dean, A. and Maxwell, R. M. and Poeter, E. and Dogan, M.},
journal = {Water Resources Research},
pages = {1--14},
title = {Comparison of Fickian and temporally nonlocal transport theories over many scales in an exhaustively sampled sandstone slab},
volume = {47},
year = {2011},
doi = {10.1029/2011WR010857},
}

@article{Markovich2016,
author = {Markovich, K. H. and Maxwell, R. M. and Fogg, G. E.},
journal = {Hydrological Processes},
number = {18},
pages = {3126--3138},
title = {Hydrogeological response to climate change in alpine hillslopes},
volume = {30},
year = {2016},
url = {https://doi.org/10.1002/hyp.10851},
}

@article{MCT00,
author = {Maxwell, R. M. and Carle, S. F and Tompson, A. F. B.},
journal = {Proceedings of Computational Methods in Water Resources XII},
pages = {533--539},
title = {Risk-Based Management of Contaminated Groundwater: The Role of Geologic Heterogeneity, Exposure and Cancer Risk in Determining the Performance of Aquifer Remediation, In},
year = {2000},
}

@article{MWT03,
author = {Maxwell, R.M. and Welty, C. and Tompson, A.F.B.},
journal = {Advances in Water Resources},
number = {3},
pages = {203--221},
title = {Streamline-based simulation of virus transport resulting from long term artificial recharge in a heterogeneous aquifer},
volume = {22},
year = {2003},
}

@article{MM05,
author = {Maxwell, R. M. and Miller, N. L.},
journal = {Journal of Hydrometeorology},
number = {3},
pages = {233-247},
title = {Development of a coupled land surface and groundwater model},
volume = {6},
year = {2005},
}

@article{MCK07,
author = {Maxwell, R. M. and Chow, F. K. and Kollet, S. J.},
journal = {Advances in Water Resources},
number = {12},
pages = {2447--2466},
title = {The groundwater-land-surface-atmosphere connection: soil moisture effects on the atmospheric boundary layer in fully-coupled simulations},
volume = {30},
year = {2007},
}

@article{MWH07,
author = {Maxwell, R. M. and Welty, C. and Harvey, R. W.},
journal = {Environmental Science and Technology},
number = {15},
pages = {5548--5558},
title = {Revisiting the Cape Cod Bacteria Injection Experiment Using a Stochastic Modeling Approach},
volume = {41},
year = {2007},
}

@article{MCT08,
author = {Maxwell, R. M. and Carle, S. F. and Tompson, A. F. B.},
journal = {Environmental Geology},
pages = {1771--1786},
title = {Contamination, risk, and heterogeneity: on the effectiveness of aquifer remediation},
volume = {54},
year = {2008},
}

@article{MK08a,
author = {Maxwell, R. M. and Kollet, S. J.},
journal = {Advances in Water Resources},
number = {5},
pages = {807--817},
title = {Quantifying the effects of three-dimensional subsurface heterogeneity on Hortonian runoff processes using a coupled numerical, stochastic approach},
volume = {31},
year = {2008},
}

@article{MK08b,
author = {Maxwell, R. M. and Kollet, S. J.},
journal = {Nature Geoscience},
number = {10},
pages = {665--669},
title = {Interdependence of groundwater dynamics and land-energy feedbacks under climate change},
volume = {1},
year = {2008},
}

@article{MTK09,
author = {Maxwell, R. M. and Tompson, A. F. B. and Kollet, S. J.},
journal = {Journal of Contaminant Hydrology},
number = {1-2},
pages = {12--28},
title = {A serendipitous, long-term infiltration experiment: Water and tritium circulation beneath the CAMBRIC trench at the Nevada Test Site},
volume = {108},
year = {2009},
doi = {10.1016/j.jconhyd.2009.05.002},
}

@article{M10,
author = {Maxwell, R. M.},
journal = {Vadose Zone Journal},
pages = {970--983},
title = {Infiltration in arid environments: Spatial patterns between subsurface heterogeneity and water-energy balances},
volume = {9},
year = {2010},
doi = {10.2136/vzj2010.0014},
}

@article{MLMSWT10,
author = {Maxwell, R. M. and Lundquist, J. K. and Mirocha, J. D. and Smith, S. G. and Woodward, C. S. and Tompson, A. F. B.},
journal = {Monthly Weather Review},
title = {Development of a coupled groundwater-atmospheric model},
year = {2011},
doi = {10.1175/2010MWR3392},
}

@article{M13,
author = {Maxwell, R. M.},
journal = {Advances in Water Resources},
pages = {109--117},
title = {A terrain-following grid transform and preconditioner for parallel, large-scale, integrated hydrologic modeling},
volume = {53},
year = {2013},
doi = {10.1016/j.advwatres.2012.10.001},
}

@article{M14,
author = {Maxwell, R. M. and Putti, M. and Meyerhoff, S. and Delfs, J.-O. and Ferguson, I. M. and Ivanov, V. and Kim, J. and Kolditz, O. and Kollet, S. J. and Kumar, M. and Lopez, S. and Niu, J. and Paniconi, C. and Park, Y.-J. and Phanikumar, M. S. and Shen, C. and Sudicky, E. a. and Sulis, M.},
journal = {Water Resources Research},
pages = {1531--1549},
title = {Surface-subsurface model intercomparison: A first set of benchmark results to diagnose integrated hydrology and feedbacks},
volume = {50},
year = {2014},
doi = {10.1002/2013WR013725},
}

@article{Maxwell2015,
author = {Maxwell,R. M., L. E. Condon and S. J. Kollet},
journal = {Geoscientific Model Development},
number = {3},
pages = {923--937},
title = {A high-resolution simulation of groundwater and surface water over most of the continental us with the integrated hydrologic model parflow v3},
volume = {8},
year = {2015},
}

@article{Maxwell2016,
author = {Maxwell,R. M., L. E. Condon and S. J. Kollet and K. Maher and R. Haggerty and M. M. Forrester},
journal = {Geophysical Research Letters},
number = {2},
pages = {701--708},
title = {The imprint of climate and geology on the residence times of groundwater},
volume = {43},
year = {2016},
}

@article{Maxwell2016b,
author = {Maxwell, R. M. and Condon, L. E.},
journal = {Science},
number = {6297},
pages = {377--380},
title = {Connections between groundwater flow and transpiration partitioning},
volume = {353},
year = {2016},
url = {https://doi.org/10.1126/science.aaf7891},
}

@article{Maxwell2019,
author = {Maxwell, R. M. and Condon, L. E. and Danesh-Yazdi, M. and Bearup, L. A.},
journal = {Ecohydrology},
number = {1},
pages = {1--10},
title = {Exploring source water mixing and transient residence time distributions of outflow and evapotranspiration with an integrated hydrologic model and Lagrangian particle tracking approach},
volume = {12},
year = {2019},
url = {https://doi.org/10.1002/eco.2042},
}

@article{Meyerhoff11,
author = {Meyerhoff, S. B. and Maxwell, R. M.},
journal = {Hydrogeology Journal},
pages = {1515--1530},
title = {Quantifying the effects of subsurface heterogeneity on hillslope runoff using a stochastic approach},
volume = {19},
year = {2011},
doi = {10.1007/s10040-011-0753-y},
}

@article{Meyerhoff14a,
author = {Meyerhoff, S. B. and Maxwell, R. M. and Graham, W. D. and Williams, J. L.},
journal = {Hydrogeology Journal},
title = {Improved hydrograph prediction through subsurface characterization: conditional stochastic hillslope simulations},
year = {2014},
doi = {10.1007/s10040-014-1112-6},
}

@article{Meyerhoff14b,
author = {Meyerhoff, S. B. and Maxwell, R. M. and Revil, A. and Martin, J. B. and Karaoulis, M. and Graham, W. D.},
journal = {Water Resources Research},
pages = {2566--2585},
title = {Characterization of groundwater and surface water mixing in a semiconfined karst aquifer using time-lapse electrical resistivity tomography},
volume = {50},
year = {2014},
doi = {10.1002/2013WR013991},
}

@article{Mikkelson13,
author = {Mikkelson, K. M. and Maxwell, R. M. and Ferguson, I. and Stednick, J. D. and McCray, J. E. and Sharp, J. O.},
journal = {Ecohydrology},
title = {Mountain pine beetle infestation impacts: modeling water and energy budgets at the hill-slope scale},
volume = {6},
year = {2013},
doi = {10.1002/eco.278},
}

@article{Moqbel2018,
author = {Moqbel, S. and Abu-El-Sha’r, W.},
journal = {Jordan J. Civ. Eng},
number = {2},
pages = {263--278},
title = {Modeling Groundwater Flow and Solute Transport at Azraq Basin Using Parflow and Slim-Fast},
volume = {12},
year = {2018},
}

@article{Penn2016,
author = {Penn, C. A. and Bearup, L. A. and Maxwell, R. M. and Clow, D. W.},
journal = {Water Resources Research},
pages = {3143--3161},
title = {Numerical experiments to explain multiscale hydrological responses to mountain pine beetle tree mortality in a headwater watershed},
volume = {52},
year = {2016},
doi = {10.1002/ 2015WR018300},
}

@article{Pribulick2016,
author = {Pribulick, C. E. and Foster, L. M. and Bearup, L. A. and Navarre-Sitchler, A. K. and Williams, K. H. and Carroll, R. W. H. and Maxwell, R. M.},
journal = {Ecohydrology},
number = {8},
pages = {1431--1438},
title = {Contrasting the hydrologic response due to land cover and climate change in a mountain headwaters system},
volume = {9},
year = {2016},
url = {https://doi.org/10.1002/eco.1779},
}

@article{Rahman2015,
author = {Rahman, M. and M. Sulis and S. J. Kollet},
journal = {Hydrological Processes},
title = {Evaluating the dual-boundary forcing concept in subsurface-land surface interactions of the hydrological cycle},
year = {2015},
}

@article{Rahman2015a,
author = {Rahman,M. M. Sulis and S. J. Kollet},
journal = {Advances in Water Resour},
pages = {240--249},
title = {The subsurface-land surface-atmosphere connection under convective conditions},
volume = {83},
year = {2015},
}

@article{Rahman2016,
author = {Rahman, M. and Sulis, M. and Kollet, S. J.},
journal = {Hydrological Processes},
number = {10},
pages = {1563--1573},
title = {Evaluating the dual-boundary forcing concept in subsurface-land surface interactions of the hydrological cycle},
volume = {30},
year = {2016},
url = {https://doi.org/10.1002/hyp.10702},
}

@article{Rahman2018,
author = {Rahman, M. and Rosolem, R. and Kollet, S. J. and Wagener, T.},
journal = {Advances in Water Resources},
month = {December},
pages = {225--233},
title = {Towards a computationally efficient free-surface groundwater flow boundary condition for large-scale hydrological modelling},
volume = {123},
year = {2018},
url = {https://doi.org/10.1016/j.advwatres.2018.11.015},
}

@article{Reyes2015,
author = {Reyes,R., R. M. Maxwell and T. S. Hogue},
journal = {Hydrological Processes},
title = {Impact of lateral flow and spatial scaling on the simulation of semi-arid urban land surfaces in an integrated hydrologic and land surface model},
year = {2015},
}

@article{Reyes2018,
author = {Reyes, B. and Hogue, T. and Maxwell, R.},
journal = {Water (Switzerland)},
number = {11},
title = {Urban irrigation suppresses land surface temperature and changes the hydrologic regime in semi-arid regions},
volume = {10},
year = {2018},
url = {https://doi.org/10.3390/w10111563},
}

@article{RMC10,
author = {Rihani, J. and Maxwell, R. M. and Chow, F. K.},
journal = {Water Resources Research},
number = {12},
title = {Coupling groundwater and land-surface processes: Idealized simulations to identify effects of terrain and subsurface heterogeneity on land surface energy fluxes},
volume = {46},
year = {2010},
doi = {10.1029/2010WR009111},
}

@article{Rihani2015,
author = {Rihani, J. F. and F. K. Chow and R. M. Maxwell},
journal = {Journal of Advances in Modeling Earth Systems},
number = {2},
pages = {915--937},
title = {Isolating effects of terrain and soil moisture heterogeneity on the atmospheric boundary layer: Idealized simulations to diagnose land-atmosphere feedbacks},
volume = {7},
year = {2015},
}

@article{Schalge2019,
author = {Schalge, B. and Haefliger, V. and Kollet, S. and Simmer, C.},
journal = {Hydrological Processes},
number = {14},
pages = {2006--2019},
title = {Improvement of surface run-off in the hydrological model ParFlow by a scale-consistent river parameterization},
volume = {33},
year = {2019},
url = {https://doi.org/10.1002/hyp.13448},
}

@article{Seck2015,
author = {Seck,A. C. Welty and R. M. Maxwell},
journal = {Water Resources Research},
number = {4},
pages = {2188--2210},
title = {Spin-up behavior and effects of initial conditions for an integrated hydrologic model},
volume = {51},
year = {2015},
}

@article{Shrestha14,
author = {Shrestha, P. and Sulis, M. and Masbou, M. and Kollet, S. and Simmer, C.},
journal = {Monthly Weather Review},
title = {A scale-consistent Terrestrial Systems Modeling Platform based on COSMO, CLM and ParFlow},
year = {2014},
doi = {10.1175/MWR-D-14-00029.1},
}

@article{Shrestha2015,
author = {Shrestha,P., M. Sulis and C. Simmer and S. Kollet},
journal = {Hydrol. Earth Syst. Sci},
pages = {4317--4326},
title = {Impacts of grid resolution on surface energy fluxes simulated with an integrated surface-groundwater flow model},
volume = {19},
year = {2015},
}

@article{Shrestha2018,
author = {Shrestha, P. and Sulis, M. and Simmer, C. and Kollet, S.},
journal = {Journal of Hydrology},
pages = {910--915},
title = {Effects of horizontal grid resolution on evapotranspiration partitioning using TerrSysMP},
volume = {557},
year = {2018},
url = {https://doi.org/10.1016/j.jhydrol.2018.01.024},
}

@article{SNSMM10,
author = {Siirila, E. R. and Navarre-Sitchler, A. K. and Maxwell, R. M. and McCray, J. E.},
journal = {Advances in Water Resources},
pages = {146--164},
title = {A quantitative methodology to assess the risks to human health from CO2 leakage into groundwater},
volume = {36},
year = {2012},
doi = {10.1016/j.advwatres.2010.11.005},
}

@article{Siirila12a,
author = {Siirila, E. R. and Maxwell, R. M.},
journal = {Science of The Total Environment},
pages = {221--232},
title = {A new perspective on human health risk assessment: Development of a time dependent methodology and the effect of varying exposure durations},
volume = {431},
year = {2012},
doi = {10.1016/j.scitotenv.2012.05.030},
}

@article{Siirila12b,
author = {Siirila, E. R. and Maxwell, R. M.},
journal = {Water Resources Research},
pages = {1--23},
title = {Evaluating effective reaction rates of kinetically driven solutes in large-scale, statistically anisotropic media: Human health risk implications},
volume = {48},
year = {2012},
doi = {10.1029/2011WR011516},
}

@article{Woodburn2018,
author = {Siirila-Woodburn, E. R. and Steefel, C. I. and Williams, K. H. and Birkholzer, J. T.},
journal = {Advances in Water Resources},
month = {January},
pages = {42--54},
title = {Predicting the impact of land management decisions on overland flow generation: Implications for cesium migration in forested Fukushima watersheds},
volume = {113},
year = {2018},
url = {https://doi.org/10.1016/j.advwatres.2018.01.008},
}

@article{Srivastava2014,
author = {Srivastava,V., W. Graham and R. Mu{\ n}oz-Carpena and R. M. Maxwell},
journal = {Journal of Hydrology},
pages = {Part B:2238--2257},
title = {Insights on geologic and vegetative controls over hydrologic behavior of a large complex basin--global sensitivity analysis of an integrated parallel hydrologic model},
volume = {519},
year = {2014},
}

@article{SMPMPK10,
author = {Sulis, M. and Meyerhoff, S. and Paniconi, C. and Maxwell, R. M. and Putti, M. and Kollet, S. J.},
journal = {Advances in Water Resources},
number = {4},
pages = {456--467},
title = {A comparison of two physics-based numerical models for simulating surface water-groundwater interactions.},
volume = {33},
year = {2010},
doi = {10.1016/j.advwatres.2010.01.010},
}

@article{Sulis2017,
author = {Sulis, M. and Williams, J. L. and Shrestha, P. and Diederich, M. and Simmer, C. and Kollet, S. J. and Maxwell, R. M.},
journal = {Journal of Hydrometeorology},
title = {Coupling Groundwater, Vegetation, and Atmospheric Processes: A Comparison of Two Integrated Models},
year = {2017},
url = {https://doi.org/10.1175/JHM-D-16-0159.1},
}

@article{Sulis2018,
author = {Sulis, M. and Keune, J. and Shrestha, P. and Simmer, C. and Kollet, S. J.},
journal = {Journal of Geophysical Research: Atmospheres},
number = {17},
pages = {9131--9151},
title = {Quantifying the Impact of Subsurface-Land Surface Physical Processes on the Predictive Skill of Subseasonal Mesoscale Atmospheric Simulations},
volume = {123},
year = {2018},
url = {https://doi.org/10.1029/2017JD028187},
}

@article{Sweetenham2017,
author = {Sweetenham, M. G. and Maxwell, R. M. and Santi, P. M.},
journal = {Tunnelling and Underground Space Technology},
pages = {62--75},
title = {Assessing the timing and magnitude of precipitation-induced seepage into tunnels bored through fractured rock},
volume = {65},
year = {2017},
doi = {http://dx.doi.org/10.1016/j.tust.2017.02.003},
}

@article{TAG89,
author = {Tompson, A. F. B. and Ababou, R. and Gelhar, L. W.},
journal = {Water Resources Research},
number = {10},
pages = {2227--2243},
title = {Implementation of of the three-dimensional turning bands random field generator},
volume = {25},
year = {1989},
}

@article{TFSBA98,
author = {Tompson, A. F. B. and Falgout, R. D. and Smith, S. G. and Bosl, W. J. and Ashby, S. F.},
journal = {Advances in Water Resources},
number = {3},
pages = {203--221},
title = {Analysis of subsurface contaminant migration and remediation using high performance computing},
volume = {22},
year = {1998},
}

@article{TBP99,
author = {Tompson, A. F. B. and Bruton, C. J. and Pawloski, G. A.},
journal = {Lawrence Livermore National Laboratory, Livermore, CA (UCRL-ID-132300), 360pp},
title = {Evaluation of the hydrologic source term from underground nuclear tests in Frenchman Flat at the Nevada Test Site: The CAMBRIC test},
year = {1999},
}

@article{TCRM99,
author = {Tompson, A. F. B. and Carle, S. F. and Rosenberg, N. D. and Maxwell, R. M.},
journal = {Water Resources Research},
number = {10},
pages = {2981--2998},
title = {Analysis of groundwater migration from artificial recharge in a large urban aquifer: A simulation perspective},
volume = {35},
year = {1999},
}

@article{Teal02,
author = {Tompson AFB. and Bruton, C. J. and Pawloski, G. A. and Smith, D. K. and Bourcier, W. L. and Shumaker, D. E. and Kersting, A. B. and Carle, S. F. and Maxwell, R. M.},
journal = {Environmental Geology},
number = {2-3},
pages = {235--247},
title = {On the evaluation of groundwater contamination from underground nuclear tests},
volume = {42},
year = {2002},
}

@techreport{TMCZPS05,
author = {Tompson, A. F. B. and Maxwell, R. M. and Carle, S. F. and Zavarin, M. and Pawloski, G. A. and Shumaker, D. E.},
institution = {Lawrence Livermore National Laboratory, Livermore, CA, UCRL-TR-217191},
title = {Evaluation of the Non-Transient Hydrologic Source Term from the CAMBRIC Underground Nuclear Test in Frenchman Flat, Nevada Test Site},
year = {2005},
}

@article{VanGenuchten80,
author = {Van Genuchten, M.Th.},
journal = {Soil Sci. Soc. Am. J},
number = {5},
pages = {892--898},
title = {A closed form equation for predicting the hydraulic conductivity of unsaturated soils},
volume = {44},
year = {1980},
}

@book{welch.95,
author = {Welch, B.},
publisher = {Prentice Hall},
title = {Practical Programming in TCL and TK},
year = {1995},
}

@inproceedings{Woodward98,
author = {Woodward, C. S.},
booktitle = {Proceedings of the XIIth International Conference on Computational Methods in Water Resources},
month = {June},
title = {A Newton-Krylov-Multigrid solver for variably saturated flow problems},
year = {1998},
}

@inproceedings{WGM02,
author = {Woodward, C. S. and Grant, K. E. and Maxwell, R. M.},
booktitle = {Proceedings of the XIVth International Conference on Computational Methods in Water Resources, Amsterdam, The Netherlands},
month = {June},
title = {Applications of Sensitivity Analysis to Uncertainty Quantification for Variably Saturated Flow},
year = {2002},
}

@article{Williams11,
author = {Williams, J. L. and Maxwell, R. M.},
journal = {Journal of Hydrometeorology},
pages = {690--701},
title = {Propagating Subsurface Uncertainty to the Atmosphere Using Fully Coupled Stochastic Simulations},
volume = {12},
year = {2011},
doi = {10.1175/2011JHM1363.1},
}

@article{Williams13,
author = {Williams, J. L. and Maxwell, R. M. and Monache, L. D.},
journal = {Journal of Advances in Modeling Earth Systems},
pages = {785--800},
title = {Development and verification of a new wind speed forecasting system using an ensemble Kalman filter data assimilation technique in a fully coupled hydrologic and atmospheric model},
volume = {5},
year = {2013},
doi = {10.1002/jame.20051},
}

@article{Zhang2018,
author = {Zhang, H. and Kurtz, W. and Kollet, S. and Vereecken, H. and Franssen, H. J. H.},
journal = {Advances in Water Resources},
month = {May},
pages = {224--238},
title = {Comparison of different assimilation methodologies of groundwater levels to improve predictions of root zone soil moisture with an integrated terrestrial system model},
volume = {111},
year = {2018},
url = {https://doi.org/10.1016/j.advwatres.2017.11.003},
}

@article{Zipper2019,
author = {Zipper, S. C. and Keune, J. and Kollet, S. J.},
journal = {Environmental Research Letters},
number = {4},
title = {Land use change impacts on European heat and drought: Remote land-atmosphere feedbacks mitigated locally by shallow groundwater},
volume = {14},
year = {2019},
url = {https://doi.org/10.1088/1748-9326/ab0db3},
}

@misc{endian,
author = {Wikipedia contributors},
title = {Endianness --- Wikipedia, The Free Encyclopedia},
url = {http://en.wikipedia.org/wiki/Endianness},
}
