% This file was created with JabRef 2.10.
% Encoding: Cp1252


@Article{Ajami2015,
  Title                    = {Impacts of model initialization on an integrated surface water–groundwater model},
  Author                   = {Ajami, Hoori and McCabe, Matthew F. and Evans, Jason P.},
  Journal                  = {Hydrological Processes},
  Year                     = {2015},
  Number                   = {17},
  Pages                    = {3790--3801},
  Volume                   = {29},

  Doi                      = {10.1002/hyp.10478},
  ISSN                     = {1099-1085},
  Keywords                 = {surface water–groundwater interaction, model initialization, ParFlow.CLM, equilibrium state},
  Url                      = {http://dx.doi.org/10.1002/hyp.10478}
}

@Article{Ajami2014,
  Title                    = {Assessing the impact of model spin-up on surface water-groundwater interactions using an integrated hydrologic model},
  Author                   = {Ajami, Hoori and McCabe, Matthew F. and Evans, Jason P. and Stisen, Simon},
  Journal                  = {Water Resources Research},
  Year                     = {2014},
  Number                   = {3},
  Pages                    = {2636--2656},
  Volume                   = {50},

  Doi                      = {10.1002/2013WR014258},
  ISSN                     = {1944-7973},
  Keywords                 = {Groundwater/surface water interaction, Modeling, Catchment, land atmosphere interactions, surface water-groundwater modeling, model spin-up, ParFlow},
  Url                      = {http://dx.doi.org/10.1002/2013WR014258}
}

@Article{Barnes2015,
  Title                    = {Global Topographic Slope Enforcement to Ensure Connectivity and Drainage in an Urban Terrain},
  Author                   = {Barnes, M. and Welty, C. and Miller, A.},
  Journal                  = {Journal of Hydrologic Engineering},
  Year                     = {2015},
  Number                   = {0},
  Pages                    = {06015017},
  Volume                   = {0},

  Doi                      = {10.1061/(ASCE)HE.1943-5584.0001306},
  Eprint                   = { 
 http://dx.doi.org/10.1061/(ASCE)HE.1943-5584.0001306
 
},
  Url                      = { 
 http://dx.doi.org/10.1061/(ASCE)HE.1943-5584.0001306
 
}
}

@Article{Bearup2016,
  Title                    = {Hillslope response to insect-induced land-cover change: an integrated model of end-member mixing},
  Author                   = {Bearup, Lindsay A. and Maxwell, Reed M. and McCray, John E.},
  Journal                  = {Ecohydrology},
  Year                     = {2016},
  Note                     = {ECO-15-0202.R1},
  Pages                    = {n/a--n/a},

  Doi                      = {10.1002/eco.1729},
  ISSN                     = {1936-0592},
  Keywords                 = {integrated hydrologic model, hillslope, land cover change, mountain pine beetle, end member mixing},
  Url                      = {http://dx.doi.org/10.1002/eco.1729}
}

@Article{Beisman2015,
  Title                    = {ParCrunchFlow: an efficient, parallel reactive transport simulation tool for physically and chemically heterogeneous saturated subsurface environments},
  Author                   = {Beisman,~J.~J and Maxwell,~R.~M. and Navarre-Sitchler,~A.~K. and  Steefel,~C.~I. and Molins,~S.},
  Journal                  = {Computational Geosciences},
  Year                     = {2015},
  Number                   = {2},
  Pages                    = {403-422},
  Volume                   = {19},

  Owner                    = {inge},
  Timestamp                = {2016.02.14}
}

@Article{Bhaskar2015,
  Title                    = {Untangling the effects of urban development on subsurface storage in Baltimore},
  Author                   = {Bhaskar, Aditi S. and Welty, Claire and Maxwell, Reed M. and Miller, Andrew J.},
  Journal                  = {Water Resources Research},
  Year                     = {2015},
  Number                   = {2},
  Pages                    = {1158--1181},
  Volume                   = {51},

  Doi                      = {10.1002/2014WR016039},
  ISSN                     = {1944-7973},
  Keywords                 = {Anthropogenic effects, Human impacts, Groundwater quality, Groundwater hydrology, cloud simulations, convection, microphysics, precipitation, emulation, uncertainty},
  Url                      = {http://dx.doi.org/10.1002/2014WR016039}
}

@Article{Bierkens2015,
  Title                    = {Hyper-resolution global hydrological modelling: what is next?},
  Author                   = {Bierkens, Marc F. P. and Bell, Victoria A. and Burek, Peter and Chaney, Nathaniel and Condon, Laura E. and David, Cédric H. and de Roo, Ad and Döll, Petra and Drost, Niels and Famiglietti, James S. and Flörke, Martina and Gochis, David J. and Houser, Paul and Hut, Rolf and Keune, Jessica and Kollet, Stefan and Maxwell, Reed M. and Reager, John T. and Samaniego, Luis and Sudicky, Edward and Sutanudjaja, Edwin H. and van de Giesen, Nick and Winsemius, Hessel and Wood, Eric F.},
  Journal                  = {Hydrological Processes},
  Year                     = {2015},
  Number                   = {2},
  Pages                    = {310--320},
  Volume                   = {29},

  Doi                      = {10.1002/hyp.10391},
  ISSN                     = {1099-1085},
  Url                      = {http://dx.doi.org/10.1002/hyp.10391}
}

@Article{Bogena2015,
  Title                    = {Spatio-temporal validation of long-term 3D hydrological simulations of a forested catchment using empirical orthogonal functions and wavelet coherence analysis},
  Author                   = {Bogena, F. Z.H. and Kollet, S. and Koch, J. and Vereecken, H.},
  Journal                  = {J. of Hydrology},
  Year                     = {2015},

  Doi                      = {10.1016/j.jhydrol.2015.08.011},
  Owner                    = {inge},
  Timestamp                = {2016.02.14}
}

@Article{Brooks2015,
  Title                    = {Hydrological partitioning in the critical zone: Recent advances and opportunities for developing transferable understanding of water cycle dynamics},
  Author                   = {Brooks, Paul D. and Chorover, Jon and Fan, Ying and Godsey, Sarah E. and Maxwell, Reed M. and McNamara, James P. and Tague, Christina},
  Journal                  = {Water Resources Research},
  Year                     = {2015},
  Number                   = {9},
  Pages                    = {6973--6987},
  Volume                   = {51},

  Doi                      = {10.1002/2015WR017039},
  ISSN                     = {1944-7973},
  Keywords                 = {Water budgets, Eco-hydrology, Groundwater hydraulics, Geomorphology: general, critical zone, ecohydrology, geohydrology, hydrochemistry},
  Url                      = {http://dx.doi.org/10.1002/2015WR017039}
}

@Article{Clark2015,
  Title                    = {Improving the representation of hydrologic processes in Earth System Models},
  Author                   = {Clark, Martyn P. and Fan, Ying and Lawrence, David M. and Adam, Jennifer C. and Bolster, Diogo and Gochis, David J. and Hooper, Richard P. and Kumar, Mukesh and Leung, L. Ruby and Mackay, D. Scott and Maxwell, Reed M. and Shen, Chaopeng and Swenson, Sean C. and Zeng, Xubin},
  Journal                  = {Water Resources Research},
  Year                     = {2015},
  Number                   = {8},
  Pages                    = {5929--5956},
  Volume                   = {51},

  Doi                      = {10.1002/2015WR017096},
  ISSN                     = {1944-7973},
  Keywords                 = {Modeling, Hydrologic scaling, Land/atmosphere interactions, Water cycles, hydrologic processes, Earth System Model, heterogeneity, benchmarking},
  Url                      = {http://dx.doi.org/10.1002/2015WR017096}
}

@Article{Condon2015,
  Title                    = {Quantitative assessment of groundwater controls across major \{US\} river basins using a multi-model regression algorithm },
  Author                   = {Laura E. Condon and Amanda S. Hering and Reed M. Maxwell},
  Journal                  = {Advances in Water Resources },
  Year                     = {2015},
  Pages                    = {106 - 123},
  Volume                   = {82},

  Doi                      = {http://dx.doi.org/10.1016/j.advwatres.2015.04.008},
  ISSN                     = {0309-1708},
  Keywords                 = {Groundwater},
  Url                      = {http://www.sciencedirect.com/science/article/pii/S0309170815000822}
}

@Article{Condon2015a,
  Title                    = {Evaluating the relationship between topography and groundwater using outputs from a continental-scale integrated hydrology model},
  Author                   = {Condon, Laura E. and Maxwell, Reed M.},
  Journal                  = {Water Resources Research},
  Year                     = {2015},
  Number                   = {8},
  Pages                    = {6602--6621},
  Volume                   = {51},

  Doi                      = {10.1002/2014WR016774},
  ISSN                     = {1944-7973},
  Keywords                 = {Groundwater hydrology, Modeling, Numerical approximations and analysis, Water supply, groundwater, water table depth, modeling, heterogeneity},
  Url                      = {http://dx.doi.org/10.1002/2014WR016774}
}

@Article{Cui2014,
  Title                    = {Modeling nitrogen transport and transformation in aquifers using a particle-tracking approach },
  Author                   = {Zhengtao Cui and Claire Welty and Reed M. Maxwell},
  Journal                  = {Computers \& Geosciences },
  Year                     = {2014},
  Pages                    = {1 - 14},
  Volume                   = {70},

  Doi                      = {http://dx.doi.org/10.1016/j.cageo.2014.05.005},
  ISSN                     = {0098-3004},
  Keywords                 = {Particle-tracking model},
  Url                      = {http://www.sciencedirect.com/science/article/pii/S0098300414001186}
}

@Article{Engdahl2015,
  Title                    = {Quantifying changes in age distributions and the hydrologic balance of a high-mountain watershed from climate induced variations in recharge },
  Author                   = {Nicholas B. Engdahl and Reed M. Maxwell},
  Journal                  = {Journal of Hydrology },
  Year                     = {2015},
  Pages                    = {152 - 162},
  Volume                   = {522},

  Doi                      = {http://dx.doi.org/10.1016/j.jhydrol.2014.12.032},
  ISSN                     = {0022-1694},
  Keywords                 = {Integrated modeling},
  Url                      = {http://www.sciencedirect.com/science/article/pii/S0022169414010439}
}

@Article{Fang2015,
  Title                    = {Spatio-temporal validation of long-term 3D hydrological simulations of a forested catchment using empirical orthogonal functions and wavelet coherence analysis },
  Author                   = {Zhufeng Fang and Heye Bogena and Stefan Kollet and Julian Koch and Harry Vereecken},
  Journal                  = {Journal of Hydrology },
  Year                     = {2015},
  Pages                    = {1754 - 1767},
  Volume                   = {529, Part 3},

  Doi                      = {http://dx.doi.org/10.1016/j.jhydrol.2015.08.011},
  ISSN                     = {0022-1694},
  Keywords                 = {3D hydrological simulation},
  Url                      = {http://www.sciencedirect.com/science/article/pii/S0022169415005703}
}

@Article{Ferguson2016,
  Title                    = {Effects of root water uptake formulation on simulated water and energy budgets at local and basin scales},
  Author                   = {Ferguson,~I.~M. and Jefferson,~J.~L. and Maxwell, ~R.~M. and Kollet, ~S.~J.},
  Journal                  = {Environmental Earth Sciences},
  Year                     = {2016},

  Doi                      = {10.1007/s12665-015-5041-z},
  Owner                    = {inge},
  Timestamp                = {2016.02.14}
}

@Article{Jefferson2015,
  Title                    = {Active subspaces for sensitivity analysis and dimension reduction of an integrated hydrologic model },
  Author                   = {Jennifer L. Jefferson and James M. Gilbert and Paul G. Constantine and Reed M. Maxwell},
  Journal                  = {Computers \& Geosciences },
  Year                     = {2015},
  Pages                    = {127 - 138},
  Volume                   = {83},

  Doi                      = {http://dx.doi.org/10.1016/j.cageo.2015.07.001},
  ISSN                     = {0098-3004},
  Keywords                 = {Active subspaces},
  Url                      = {http://www.sciencedirect.com/science/article/pii/S0098300415300091}
}

@Article{Jefferson2015a,
  Title                    = {Evaluation of simple to complex parameterizations of bare ground evaporation},
  Author                   = {Jefferson, Jennifer L. and Maxwell, Reed M.},
  Journal                  = {Journal of Advances in Modeling Earth Systems},
  Year                     = {2015},
  Number                   = {3},
  Pages                    = {1075--1092},
  Volume                   = {7},

  Doi                      = {10.1002/2014MS000398},
  ISSN                     = {1942-2466},
  Keywords                 = {Land/atmosphere interactions, Evapotranspiration, Modeling, evaporation, hydrology, model, complexity},
  Url                      = {http://dx.doi.org/10.1002/2014MS000398}
}

@Article{Kirsch2015,
  Title                    = {The Use of a Water Market to Minimize Drought-Induced Losses in the Bay Area of California (PDF)},
  Author                   = {Kirsch, B.R. and Maxwell, R. M.},
  Journal                  = {Journal - American Water Works Association},
  Year                     = {2015},
  Number                   = {5},
  Pages                    = {E274-E281},
  Volume                   = {107},

  Doi                      = {http://dx.doi.org/10.5942/jawwa.2015.107.0066},
  Owner                    = {inge},
  Timestamp                = {2016.02.14}
}

@Article{Koch2016,
  Title                    = {Inter-comparison of three distributed hydrological models with respect to seasonal variability of soil moisture patterns at a small forested catchment},
  Author                   = {Koch, J. and  Cornelissen, T. and Fang, Z. and Bogen, H. and H. Diekkr{\"u}ger, B. and Kollet, S. and Stisen, S.},
  Journal                  = {J. of Hydrology,},
  Year                     = {2016},
  Number                   = {533},
  Pages                    = {234-246},

  Owner                    = {inge},
  Timestamp                = {2016.02.14}
}

@Article{Kollet2015,
  Title                    = {Optimality and inference in hydrology from entropy production considerations: synthetic hillslope numerical experiments},
  Author                   = {Kollet, S.J.},
  Journal                  = {Hydrol. Earth Syst. Sci. Discuss.},
  Year                     = {2015},
  Number                   = {12},
  Pages                    = {5123-5149},

  Doi                      = {doi:10.5194/hessd-12-5123-2015},
  Owner                    = {inge},
  Timestamp                = {2016.02.14}
}

@Article{Maxwell2015,
  Title                    = {A high-resolution simulation of groundwater and surface water over most of the continental US with the integrated hydrologic model ParFlow v3},
  Author                   = {Maxwell, R. M. and Condon, L. E. and Kollet, S. J.},
  Journal                  = {Geoscientific Model Development},
  Year                     = {2015},
  Number                   = {3},
  Pages                    = {923--937},
  Volume                   = {8},

  Doi                      = {10.5194/gmd-8-923-2015},
  Url                      = {http://www.geosci-model-dev.net/8/923/2015/}
}

@Article{Maxwell2016,
  Title                    = {The imprint of climate and geology on the residence times of groundwater},
  Author                   = {Maxwell, Reed M and Condon, Laura E and Kollet, Stefan J and Maher, Kate and Haggerty, Roy and Forrester, Mary Michael},
  Journal                  = {Geophysical Research Letters},
  Year                     = {2016},
  Note                     = {2015GL066916},
  Number                   = {2},
  Pages                    = {701--708},
  Volume                   = {43},

  Doi                      = {10.1002/2015GL066916},
  ISSN                     = {1944-8007},
  Keywords                 = {Modeling, Groundwater hydrology, Groundwater/surface water interaction, residence time},
  Url                      = {http://dx.doi.org/10.1002/2015GL066916}
}

@Article{Rahman2015,
  Title                    = {Evaluating the Dual-Boundary Forcing Concept in Subsurface-Land Surface Interactions of the Hydrological Cycle},
  Author                   = {Rahman, M. and Sulis, M. and  Kollet, S.J.},
  Journal                  = {Hydrological Processes},
  Year                     = {2015},

  Doi                      = {10.1002/hyp.10702},
  Owner                    = {inge},
  Timestamp                = {2016.02.14}
}

@Article{Rahman2015a,
  Title                    = {The subsurface-land surface-atmosphere connection under convective conditions},
  Author                   = {Rahman, M. and Sulis, M. and  Kollet,S.J.},
  Journal                  = {Advances in Water Resour.},
  Year                     = {2015},
  Number                   = {83},
  Pages                    = {240-249},

  Doi                      = {10.1016/j.advwatres.2015.06.003},
  Owner                    = {inge},
  Timestamp                = {2016.02.14}
}

@Article{Reyes2015,
  Title                    = {Impact of lateral flow and spatial scaling on the simulation of semi-arid urban land surfaces in an integrated hydrologic and land surface model},
  Author                   = {Reyes, Bryant and Maxwell, Reed M. and Hogue, Terri S.},
  Journal                  = {Hydrological Processes},
  Year                     = {2015},
  Pages                    = {n/a--n/a},

  Doi                      = {10.1002/hyp.10683},
  ISSN                     = {1099-1085},
  Keywords                 = {lateral flow, runoff–runon, semi-arid, urban, land surface, hydrologic modeling},
  Url                      = {http://dx.doi.org/10.1002/hyp.10683}
}

@Article{Rihani2015,
  Title                    = {Isolating effects of terrain and soil moisture heterogeneity on the atmospheric boundary layer: Idealized simulations to diagnose land-atmosphere feedbacks},
  Author                   = {Rihani, Jehan F. and Chow, Fotini K. and Maxwell, Reed M.},
  Journal                  = {Journal of Advances in Modeling Earth Systems},
  Year                     = {2015},
  Number                   = {2},
  Pages                    = {915--937},
  Volume                   = {7},

  Doi                      = {10.1002/2014MS000371},
  ISSN                     = {1942-2466},
  Keywords                 = {Boundary layer processes, Land/atmosphere interactions, Idealized model, Large eddy simulation, Soil moisture, land-atmosphere interactions, atmospheric boundary layer, soil moisture heterogeneity},
  Url                      = {http://dx.doi.org/10.1002/2014MS000371}
}

@Article{Seck2015,
  Title                    = {Spin-up behavior and effects of initial conditions for an integrated hydrologic model},
  Author                   = {Seck, Alimatou and Welty, Claire and Maxwell, Reed M.},
  Journal                  = {Water Resources Research},
  Year                     = {2015},
  Number                   = {4},
  Pages                    = {2188--2210},
  Volume                   = {51},

  Doi                      = {10.1002/2014WR016371},
  ISSN                     = {1944-7973},
  Keywords                 = {Modeling, integrated hydrologic model, initial conditions, water table dynamics, subsurface-surface interactions, initialization, spin-up, ParFlow, Common Land Model},
  Url                      = {http://dx.doi.org/10.1002/2014WR016371}
}

@Article{Shrestha2015,
  Title                    = {Impacts of grid resolution on surface energy fluxes simulated with an integrated surface-groundwater flow model},
  Author                   = {Shrestha, P. and Sulis,S.P.M. and Simmer, C.  and Kollet, S.},
  Journal                  = {Hydrol. Earth Syst. Sci.},
  Year                     = {2015},
  Pages                    = {4317-4326},
  Volume                   = {19},

  Doi                      = {doi:10.5194/hess-19-4317-2015},
  Owner                    = {inge},
  Timestamp                = {2016.02.14}
}

@Article{SiirilaWoodburn201553,
  Title                    = {A heterogeneity model comparison of highly resolved statistically anisotropic aquifers },
  Author                   = {Erica R. Siirila-Woodburn and Reed M. Maxwell},
  Journal                  = {Advances in Water Resources },
  Year                     = {2015},
  Pages                    = {53 - 66},
  Volume                   = {75},

  Doi                      = {http://dx.doi.org/10.1016/j.advwatres.2014.10.011},
  ISSN                     = {0309-1708},
  Keywords                 = {Heterogeneous},
  Url                      = {http://www.sciencedirect.com/science/article/pii/S0309170814002139}
}

@Article{Srivastava2014,
  Title                    = {Insights on geologic and vegetative controls over hydrologic behavior of a large complex basin – Global Sensitivity Analysis of an integrated parallel hydrologic model },
  Author                   = {Vibhava Srivastava and Wendy Graham and Rafael Muñoz-Carpena and Reed M. Maxwell},
  Journal                  = {Journal of Hydrology },
  Year                     = {2014},
  Pages                    = {2238 - 2257},
  Volume                   = {519, Part B},

  Doi                      = {http://dx.doi.org/10.1016/j.jhydrol.2014.10.020},
  ISSN                     = {0022-1694},
  Keywords                 = {Integrated hydrologic modelling},
  Url                      = {http://www.sciencedirect.com/science/article/pii/S0022169414008129}
}

